% This file was created with JabRef 2.8.1.
% Encoding: UTF8

@STRING{IJHMT = {International Journal of Heat and Mass Transfer}}

@PHDTHESIS{rst2010,
  author = {Dr.-Ing. Rita Streblow},
  title = {Thermal Sensation and ComfortModel for Inhomogeneous Indoor Environments},
  school = {RWTH Aachen University},
  year = {2010},
  owner = {rst-cdo},
  timestamp = {2014.02.06}
}

@comment{jabref-meta: selector_Year:2006;}

@comment{jabref-meta: fileDirectory:W:\\EBC_Public\\Literatur;}

@comment{jabref-meta: selector_keywords:Demand Side Management;DSM;EBC
-Eigen;GOET;}

@comment{jabref-meta: groupsversion:3;}

@comment{jabref-meta: groupstree:
0 AllEntriesGroup:;
1 ExplicitGroup:NumSim\;0\;;
2 ExplicitGroup:CFD\;0\;;
3 ExplicitGroup:Ansys\;0\;;
3 ExplicitGroup:OpenFOAM\;0\;;
2 ExplicitGroup:ThermischeSimulation\;0\;;
3 ExplicitGroup:Modelica\;0\;;
1 ExplicitGroup:Wärmetechnik\;0\;;
1 ExplicitGroup:Waermepumpen\;0\;;
2 ExplicitGroup:Kältemittel\;0\;;
2 ExplicitGroup:Einflussfaktoren auf COP und JAZ\;0\;;
2 ExplicitGroup:Sole-Wärmepumpe\;0\;;
2 ExplicitGroup:Luft-Wärmepumpe\;0\;;
2 ExplicitGroup:Erdkollektor-Wärmepumpe\;0\;;
2 ExplicitGroup:Feldversuch\;0\;;
1 ExplicitGroup:Lüftung\;2\;;
2 ExplicitGroup:dezentrale Lüftung\;0\;;
2 ExplicitGroup:Fensterlüftung\;0\;;
2 ExplicitGroup:maschinelle Lüftung\;0\;;
2 ExplicitGroup:hybride Lüftung\;0\;;
2 ExplicitGroup:Schullüftung\;0\;;
2 ExplicitGroup:Regelung\;0\;;
2 ExplicitGroup:Schall\;0\;;
2 ExplicitGroup:Zukunftsraum Schule\;0\;;
1 ExplicitGroup:Regelungstechnik\;0\;;
1 ExplicitGroup:Akustik\;0\;;
2 ExplicitGroup:Psychoakustik\;0\;;
1 ExplicitGroup:Behaglichkeit/Komfort\;0\;;
1 ExplicitGroup:Mathematik\;0\;;
2 ExplicitGroup:Matlab\;0\;;
1 ExplicitGroup:Nutzerprofile\;0\;;
1 SearchGroup:Michaels DB\;0\;(owner==mad)  OR keywords=mad\;0\;0\;;
1 ExplicitGroup:Normen\;0\;;
1 ExplicitGroup:Spurengase\;0\;;
1 ExplicitGroup:Strömung\;0\;;
1 KeywordGroup:Eigenveröffentlichungen\;2\;keywords\;EBC-Eigen\;0\;0\;
;
2 SearchGroup:Eigenveröffentlichungen2006\;0\;keywords=EBC-Eigen AND y
ear=2006\;0\;0\;;
2 SearchGroup:Eigenveröffentlichungen2007\;0\;keywords=EBC-Eigen AND y
ear=2007\;0\;0\;;
2 SearchGroup:Eigenveröffentlichungen2008\;0\;keywords=EBC-Eigen AND y
ear=2008\;0\;0\;;
2 SearchGroup:Eigenveröffentlichungen2009\;0\;keywords=EBC-Eigen AND y
ear=2009\;0\;0\;;
2 SearchGroup:Eigenveröffentlichungen2010\;0\;keywords=EBC-Eigen AND y
ear=2010\;0\;0\;;
2 SearchGroup:Eigenveröffentlichungen2011\;0\;keywords=EBC-Eigen AND y
ear=2011\;0\;0\;;
2 SearchGroup:Eigenveröffentlichungen2012\;0\;keywords=EBC-Eigen AND y
ear=2012\;0\;0\;;
2 SearchGroup:Eigenveröffentlichungen2013\;0\;keywords=EBC-Eigen AND y
ear=2013\;0\;0\;;
1 ExplicitGroup:Kessel\;0\;;
1 ExplicitGroup:DSM\;0\;;
}

